@book{forouzan,
    author = "Behrouz Forouzan and Firouz Mosharraf",
    title = "Foundations of computer science",
    edition = "2",
    year = "2008",
    publisher = "Cengage Learning EMEA",
    hyphenation = "english"
}

@book{stallings,
    author = "William Stallings",
    title = "Operating Systems: Internals and Design Principles",
    edition = "9",
    year = "2018",
    publisher = "Pearson",
    hyphenation = "english"
}

@book{elements_of_computing,
    author = "Noam Nisan and Shimon Schocken",
    title = "The Elements of Computing Systems: Building a Modern Computer from First Principles",
    edition = "2",
    year = "2021",
    publisher = "The MIT Press",
    hyphenation = "english"
}

@article{einstein,
    author = "Albert Einstein",
    title = "{Zur Elektrodynamik bewegter K{\"o}rper}. ({German})
    [{On} the electrodynamics of moving bodies]",
    journal = "Annalen der Physik",
    volume = "322",
    number = "10",
    pages = "891--921",
    year = "1905",
    DOI = "http://dx.doi.org/10.1002/andp.19053221004",
    keywords = "physics",
    hyphenation = "english"
}

@misc{opengl_specification,
    author = "Mark Segal and Kurt Akeley",
    title = "The OpenGL Graphics System: A Specification (Version 4.6 (Core Profile) - October 22, 2019)",
    year = "2021",
    url = "https://www.khronos.org/registry/OpenGL/specs/gl/glspec46.core.pdf",
    hyphenation = "english"
}

@book{software_engineering_principles,
    author = "Hans van Vliet",
    title = "Software Engineering: Principles and Practice",
    year = "2007",
    publisher = "Wiley",
    hyphenation = "english"
}

@book{software_engineering_practiotioner_approach,
    author = "Roger S. Pressman and Bruce R. Maxim",
    title = "Software Engineering: A practitioner's approach",
    publisher = "McGraw-Hill Education",
    edition = "8",
    year = "2014",
    hyphenation = "english",
    ISBN = "978-0-07-802212-8"
}

@article{hardware_software_costs,
    author={Boehm},
    journal={IEEE Transactions on Computers},
    title={Software Engineering},
    year={1976},
    volume={C-25}, number={12},  pages={1226-1241},
    doi={10.1109/TC.1976.1674590},
    hyphenation = "english"
}

@phdthesis{chebudie,
	author = {Chebudie, Abiy Biru and Minerva, Roberto and Rotondi, Domenico},
	year = {2014},
	month = {08},
	title = {Towards a definition of the Internet of Things (IoT)},
    hyphenation = "english"
}

@article{sethi,
	author = {Sethi, Pallavi and Sarangi, Smruti R.},
	title = {Internet of Things: Architectures, Protocols, and Applications},
	year = {2017},
	issue_date = {January   2017},
	publisher = {Hindawi Limited},
	address = {London, GBR},
	volume = {2017},
	issn = {2090-0147},
	doi = {10.1155/2017/9324035},
	journal = {JECE},
	month = jan,
    hyphenation = "english"
}

% POSE ESTIMATION 

@book{computer_vision_pose_estimation,
    author = "Linda G. Shapiro and George C. Stockman",
    title = "Computer Vision",
    publisher = "Prentice Hall",
    year = "2001",
    hyphenation = "english",
    ISBN = "0-13-030796-3"
}

@article{smpl_paper,
    author = {Loper, Matthew and Mahmood, Naureen and Romero, Javier and Pons-Moll, Gerard and Black, Michael J.},
    title = {{SMPL}: A Skinned Multi-Person Linear Model},
    journal = {ACM Transactions on Graphics, (Proc. SIGGRAPH Asia)},
    month = oct,
    number = {6},
    pages = {248:1--248:16},
    publisher = {ACM},
    volume = {34},
    year = {2015},
    hyphenation = {english}
}

@inProceedings{densepose_paper,
    author = {Güler, Rıza Alp and Neverova, Natalia and Kokkinos, Iasonas},
    title = {DensePose: Dense Human Pose Estimation in the Wild},
    booktitle = {Proceedings of the IEEE Conference on Computer Vision and Pattern Recognition (CVPR)},
    month = jun,
    year = {2018},
    hyphenation = {english}
}

@InProceedings{pavlakos_paper,
  author = {Pavlakos, Georgios and Zhou, Xiaowei and Derpanis, Konstantinos G. and Daniilidis, Kostas},
  title = {Coarse-To-Fine Volumetric Prediction for Single-Image 3D Human Pose},
  booktitle = {Proceedings of the IEEE Conference on Computer Vision and Pattern Recognition (CVPR)},
  month = jul,
  year = {2017},
  hyphenation = {english}
}

@article{numerical_coordinate_regression_paper,
  title={Numerical Coordinate Regression with Convolutional Neural Networks},
  author={Nibali, Aiden and He, Zhen and Morgan, Stuart and Prendergast, Luke},
  journal={arXiv preprint arXiv:1801.07372},
  year={2018},
  hyphenation = {english}
}

@article{human_pose_regression_paper,
  title = {Human pose regression by combining indirect part detection and contextual information},
  journal = {Computers \& Graphics},
  volume = {85},
  pages = {15-22},
  year = {2019},
  issn = {0097-8493},
  doi = {https://doi.org/10.1016/j.cag.2019.09.002},
  url = {https://www.sciencedirect.com/science/article/pii/S0097849319301475},
  author = {Diogo C. Luvizon and Hedi Tabia and David Picard},
  hyphenation = {english}
}

@misc{kinematic_pose_regression_paper,
      title={Deep Kinematic Pose Regression}, 
      author={Xingyi Zhou and Xiao Sun and Wei Zhang and Shuang Liang and Yichen Wei},
      year={2016},
      eprint={1609.05317},
      archivePrefix={arXiv},
      primaryClass={cs.CV},
      hyphenation={english}
}

 @InProceedings{composition_human_pose_regression,
    author = {Sun, Xiao and Shang, Jiaxiang and Liang, Shuang and Wei, Yichen},
    title = {Compositional Human Pose Regression},
    booktitle = {Proceedings of the IEEE International Conference on Computer Vision (ICCV)},
    month = oct,
    year = {2017},
    hyphenation={english}
}

@InProceedings{simple_baseline_pose_estimation,
    author = {Martinez, Julieta and Hossain, Rayat and Romero, Javier and Little, James J.},
    title = {A Simple yet Effective Baseline for 3D Human Pose Estimation},
    booktitle = {Proceedings of the IEEE International Conference on Computer Vision (ICCV)},
    month = oct,
    year = {2017},
    hyphenation = {english}
}

@InProceedings{lifting_from_the_deep,
    author = {Tome, Denis and Russell, Chris and Agapito, Lourdes},
    title = {Lifting From the Deep: Convolutional 3D Pose Estimation From a Single Image},
    booktitle = {Proceedings of the IEEE Conference on Computer Vision and Pattern Recognition (CVPR)},
    month = jul,
    year = {2017},
    hyphenation = {english}
}

@InProceedings{ordinal_depth_supervision,
    author = {Pavlakos, Georgios and Zhou, Xiaowei and Daniilidis, Kostas},
    title = {Ordinal Depth Supervision for 3D Human Pose Estimation},
    booktitle = {Proceedings of the IEEE Conference on Computer Vision and Pattern Recognition (CVPR)},
    month = jun,
    year = {2018},
    hyphenation = {english}
}

% KIVY

@misc{kivy,
    title={Kivy Documentation},
    url="https://kivy.org/doc/stable/",
    hyphenation = "english"
}

@article{MVCPaper,
  title={MVC Architecture: A Detailed Insight to theModern Web Applications Development},
  author={Abdul Majeed and Ibtisam Rauf},
  year={2018},
  hyphenation = "english"
}

@article{swebok,
  title="Guide to the Software Engineering Body of Knowledge",
  author="P. Bourque and R.E. Fairley",
  version="3.0",
  publisher="IEEE Computer Society",
  year="2014",
  url="www.swebok.org",
  hyphenation = "english"
}

@inproceedings{ClassDiagrams,
author = {Souri, Alireza and Shariffloo, Mohammad and Norouzi, Monire},
year = {2011},
month = {07},
title = {Formalizing class diagram in UML},
doi = {10.1109/ICSESS.2011.5982368},
hyphenation = "english"
}